@misc{WhatIsLaTeX,
	Author = {LaTeX3 Project},
	Title = {LaTeX â€“ A document preparation system},
	Url = {https://www.latex-project.org/},
	Note = {[Last~Accessed: 12.05.2019]}
}

@misc{WhatIsTeXStudio,
	Author = {Texmaker},
	Title = {Welcome to TeXstudio},
	Url = {http://texstudio.sourceforge.net/},
	Note = {[Last~Accessed: 12.05.2019]}
}